
@online{china,
  author = {{Liang Chen, Zhi’an Zhang}},
  title = {CRISPR inventor Feng Zhang calls for moratorium on gene-edited babies},
  year = 2018,
  url = {http://www.globaltimes.cn/pdf/ChinesePublicAttitudesOnGeneEditing2018.11.12.pdf},
  urldate = {2018-02-20}
}

@online{gene_drive_Gefahren,
  author = {Alexander Mäder},
  title = {Mäders Moralfragen: Eine Waffe gegen Malaria},
  year = {2017},
  url = {https://www.spektrum.de/kolumne/eine-waffe-gegen-malaria/1525481},
  urldate = {2019-02-28}
}

@proceedings{crispr:18,
  editor =       {Toni Cathomen and Holger Puchta},
  title =        {CRISPR/Cas9 – Einschneidende Revolution in der Gentechnik},
  publisher =    {Springer-Verlag Berlin Heidelberg},
  venue =        {Berlin, Deutschland},
  year =         {2018},
  isbn =         {978-3-662-57441-6},
  doi =         {10.1007/978-3-662-57441-6}
}

@article{mueckenArtikel,
  author =       {Kyros Kyrou and Andrew M. Hammond and Roberto Galizi and Nace Kranjc and Austin Burt and Andrea K. Beaghton and Tony Nolan and Andrea Crisanti},
  title =        {A CRISPR–Cas9 gene drive targeting doublesexcauses complete population suppression in caged Anopheles gambiae mosquitoes},
  year =         {2018},
  journal =      {nature biotechnology},
}

BOOK{anderson,
  AUTHOR       = "Chris Anderson",               
  TITLE        = "FREE - The Future of A Radical Price",
  PUBLISHER    = "Random House Business Books",
  YEAR = 2009,
  ADDRESS= "London"
}



@misc{choi2017kapre,
    title={Kapre: On-GPU Audio Preprocessing Layers for a Quick Implementation of Deep Neural Network Models with Keras},
    author={Keunwoo Choi and Deokjin Joo and Juho Kim},
    year={2017},
    eprint={1706.05781},
    archivePrefix={arXiv},
    primaryClass={cs.SD}
}

@misc{master,
    title={Decoding EEG Brain Signals
using Recurrent Neural
Networks},
    author={Juri Fedjaev},
      url = {https://www.spektrum.de/kolumne/eine-waffe-gegen-malaria/1525481},
    year={2017},
}